<record><leader>00000cas a22000007a 4500</leader><controlfield tag="001">40712267</controlfield><controlfield tag="008">990201c199u9999wiusr ne      0   a0eng d</controlfield><datafield ind1=" " ind2=" " tag="010"><subfield code="a">  2007213491</subfield></datafield><datafield ind1=" " ind2=" " tag="040"><subfield code="a">WIH</subfield><subfield code="b">eng</subfield><subfield code="c">WIH</subfield><subfield code="d">OCLCQ</subfield><subfield code="d">NSD</subfield><subfield code="d">OCLCQ</subfield><subfield code="d">OCLCF</subfield><subfield code="d">OCLCO</subfield></datafield><datafield ind1=" " ind2=" " tag="012"><subfield code="l">1</subfield><subfield code="m">0</subfield></datafield><datafield ind1="0" ind2=" " tag="022"><subfield code="a">1937-2655</subfield><subfield code="l">1937-2655</subfield><subfield code="2">1</subfield></datafield><datafield ind1="1" ind2=" " tag="029"><subfield code="a">AU@</subfield><subfield code="b">000041709795</subfield></datafield><datafield ind1=" " ind2=" " tag="037"><subfield code="b">J. Gardner, P.O. Box 189, Iron River, WI 54847</subfield></datafield><datafield ind1=" " ind2=" " tag="042"><subfield code="a">msc</subfield><subfield code="a">nsdp</subfield></datafield><datafield ind1=" " ind2=" " tag="043"><subfield code="a">n-us-wi</subfield></datafield><datafield ind1="1" ind2="0" tag="050"><subfield code="a">ISSN RECORD</subfield></datafield><datafield ind1="1" ind2="0" tag="082"><subfield code="a">071</subfield><subfield code="2">14</subfield></datafield><datafield ind1="0" ind2=" " tag="130"><subfield code="a">Connection (Port Wing, Wis.)</subfield></datafield><datafield ind1=" " ind2="4" tag="222"><subfield code="a">The connection</subfield><subfield code="b">(Port Wing, Wis.)</subfield></datafield><datafield ind1="1" ind2="4" tag="245"><subfield code="a">The connection.</subfield></datafield><datafield ind1=" " ind2=" " tag="260"><subfield code="a">Port Wing, WI :</subfield><subfield code="b">B. Gardner</subfield></datafield><datafield ind1=" " ind2=" " tag="300"><subfield code="a">v. :</subfield><subfield code="b">ill. ;</subfield><subfield code="c">44 cm.</subfield></datafield><datafield ind1=" " ind2=" " tag="310"><subfield code="a">Semimonthly,</subfield><subfield code="b">&lt;Feb. 27, 2007-&gt;</subfield></datafield><datafield ind1=" " ind2=" " tag="321"><subfield code="a">Monthly</subfield></datafield><datafield ind1=" " ind2=" " tag="500"><subfield code="a">"Serving Brule, Cornucopia, Herbster, Iron River, Maple, Poplar, Port Wing."</subfield></datafield><datafield ind1=" " ind2=" " tag="500"><subfield code="a">Published: Iron River, WI : J. Gardner, &lt;Feb. 27, 2007-&gt;</subfield></datafield><datafield ind1=" " ind2=" " tag="588"><subfield code="a">Description based on: Vol. 6, no. 2 (Feb. 1999).</subfield></datafield><datafield ind1=" " ind2=" " tag="588"><subfield code="a">Latest issue consulted: Vol. 14, no. 4 (Feb. 27, 2007).</subfield></datafield><datafield ind1=" " ind2="0" tag="651"><subfield code="a">Douglas County (Wis.)</subfield><subfield code="v">Newspapers.</subfield></datafield><datafield ind1=" " ind2="0" tag="651"><subfield code="a">Bayfield County (Wis.)</subfield><subfield code="v">Newspapers.</subfield></datafield><datafield ind1=" " ind2="7" tag="655"><subfield code="a">Newspapers.</subfield><subfield code="2">fast</subfield><subfield code="0">(OCoLC)fst01423814</subfield></datafield><datafield ind1=" " ind2="7" tag="651"><subfield code="a">Wisconsin</subfield><subfield code="z">Bayfield County.</subfield><subfield code="2">fast</subfield><subfield code="0">(OCoLC)fst01215961</subfield></datafield><datafield ind1=" " ind2="7" tag="651"><subfield code="a">Wisconsin</subfield><subfield code="z">Douglas County.</subfield><subfield code="2">fast</subfield><subfield code="0">(OCoLC)fst01215586</subfield></datafield><datafield ind1="1" ind2=" " tag="700"><subfield code="a">Gardner, Barbara.</subfield></datafield><datafield ind1="1" ind2=" " tag="700"><subfield code="a">Gardner, Jeanne.</subfield></datafield><datafield ind1=" " ind2=" " tag="752"><subfield code="a">United States</subfield><subfield code="b">Wisconsin</subfield><subfield code="c">Bayfield</subfield><subfield code="d">Port Wing.</subfield></datafield><datafield ind1="0" ind2="0" tag="780"><subfield code="t">South Shore connection</subfield><subfield code="w">(OCoLC)40855851</subfield></datafield></record>